@article{kalashnikov,
  author    = {Daniel Kroening and
               Matt Lewis},
  title     = {Second-Order {SAT} Solving using Program Synthesis},
  journal   = {CoRR},
  year      = {2014},
  volume    = {abs/1409.4925},
  url       = {http://arxiv.org/abs/1409.4925},
}

@inproceedings{brahma,
  author    = {Sumit Gulwani and
               Susmit Jha and
               Ashish Tiwari and
               Ramarathnam Venkatesan},
  title     = {Synthesis of loop-free programs},
  booktitle = {PLDI},
  year      = {2011},
  pages     = {62-73},
  ee        = {http://doi.acm.org/10.1145/1993498.1993506},
  bibsource = {DBLP, http://dblp.uni-trier.de}
}

@inCollection{church-synth,
  title={Logic, Arithmetic, Automata},
  author={Church, Alonzo},
  booktitle = {Proc. Internat. Congr. Mathematicians},
  pages =     {23--35},
  publisher = {Inst. Mittag-Leffler},
  address =   {Djursholm},
  mrclass =   {02.88},
  mrnumber =  {31 \#65},
  year={1962}
}

@book{beautiful-code,
 author = {Oram, Andy and Wilson, Greg},
 title = {Beautiful code},
 year = {2007},
 isbn = {9780596510046},
 edition = {First},
 publisher = {O'Reilly},
} 

@article{sketch,
  author    = {Armando Solar-Lezama},
  title     = {Program sketching},
  journal   = {STTT},
  volume    = {15},
  number    = {5-6},
  year      = {2013},
  pages     = {475-495},
}

@phdthesis{lezama-thesis,
    Author = {Solar Lezama, Armando},
    Title = {Program Synthesis By Sketching},
    School = {EECS Department, University of California, Berkeley},
    Year = {2008},
    Month = {Dec},
    Number = {UCB/EECS-2008-177},
}

@book{taocp2,
 author = {Knuth, Donald E.},
 title = {The art of computer programming, volume 2 (3rd ed.): seminumerical algorithms},
 year = {1997},
} 

@article{2sum,
author = {Peter Kornerup and Vincent Lefevre and Nicolas Louvet and Jean-Michel Muller},
title = {On the Computation of Correctly Rounded Sums},
journal ={IEEE Transactions on Computers},
volume = {61},
number = {3},
issn = {0018-9340},
year = {2012},
pages = {289-298},
doi = {http://doi.ieeecomputersociety.org/10.1109/TC.2011.27},
publisher = {IEEE},
}

@incollection{quality-synthesis,
year={2009},
isbn={978-3-642-02657-7},
booktitle={Computer Aided Verification},
volume={5643},
series={Lecture Notes in Computer Science},
editor={Bouajjani, Ahmed and Maler, Oded},
doi={10.1007/978-3-642-02658-4_14},
title={Better Quality in Synthesis through Quantitative Objectives},
url={http://dx.doi.org/10.1007/978-3-642-02658-4_14},
publisher={Springer Berlin Heidelberg},
author={Bloem, Roderick and Chatterjee, Krishnendu and Henzinger, ThomasA. and Jobstmann, Barbara},
pages={140-156}
}
@inproceedings{brahma-icse,
  author    = {Susmit Jha and
               Sumit Gulwani and
               Sanjit A. Seshia and
               Ashish Tiwari},
  title     = {Oracle-Guided Component-Based Program Synthesis},
  booktitle = {ICSE},
  year      = {2010},
  month = {May},
  pages     = {215-224},
  abstract = {
We present a novel approach to automatic synthesis of loop-free programs. The approach is based on a combination of oracle-guided learning from examples, and constraint-based synthesis from components using satisfiability modulo theories (SMT) solvers. Our approach is suitable for many applications, including as an aid to program understanding tasks such as deobfuscating malware. We demonstrate the efficiency and effectiveness of our approach by synthesizing bit-manipulating programs and deobfuscating programs.},
  wwwnote = {Extended tech report version available in <a href="http://www.eecs.berkeley.edu/~sseshia/pubdir/icse10-TR.pdf">PDF</a>}  
}

@article{fast2sum,
author = {Peter Kornerup and Vincent Lefevre and Nicolas Louvet and Jean-Michel Muller},
title = {On the Computation of Correctly Rounded Sums},
journal ={IEEE Transactions on Computers},
volume = {61},
number = {3},
issn = {0018-9340},
year = {2012},
pages = {289-298},
doi = {http://doi.ieeecomputersociety.org/10.1109/TC.2011.27},
publisher = {IEEE},
}

@inproceedings{glucose-paper,
 author = {Audemard, Gilles and Simon, Laurent},
 title = {Predicting learnt clauses quality in modern {SAT} solvers},
 series = {IJCAI'09},
 year = {2009},
 pages = {399--404},
 numpages = {6},
 url = {http://dl.acm.org/citation.cfm?id=1661445.1661509},
 acmid = {1661509},
 publisher = {Morgan Kaufmann},
} 

@inproceedings{gnu-superoptimiser,
 author = {Granlund, Torbj\"{o}rn and Kenner, Richard},
 title = {Eliminating branches using a superoptimizer and the {GNU C} compiler},
 booktitle = {PLDI},
 year = {1992},
 isbn = {0-89791-475-9},
 pages = {341--352},
 numpages = {12},
 url = {http://doi.acm.org/10.1145/143095.143146},
 doi = {10.1145/143095.143146},
 acmid = {143146},
 publisher = {ACM},
} 

@Book{hackers-delight,
  author =       {Henry S. Warren},
  title =        {Hacker's Delight},
  publisher =    {Addison-Wesley},
  year =         2003
}


@inproceedings{aha-paper,
 author = {Massalin, Henry},
 title = {Superoptimizer: a look at the smallest program},
 booktitle = { ASPLOS 1987},
 year = {1987},
 isbn = {0-8186-0805-6},
 pages = {122--126},
 numpages = {5},
 url = {http://dx.doi.org/10.1145/36206.36194},
 doi = {10.1145/36206.36194},
 acmid = {36194},
 publisher = {IEEE},
} 

@Misc{aha-website,
 author = { Warren, Henry },
 title = {{AHA}: A Hacker's Assistant},
 howpublished = {\url{http://www.hackersdelight.org/aha/aha.pdf}}
}

@Misc{cbmc-website,
  author = { Daniel Kroening },
  title = {{CBMC}},
  howpublished = {\url{http://www.cprover.org/cbmc/}}
}

@Misc{armc-website,
  author = { Andrey Rybalchenko },
  title = {{ARMC}},
  howpublished = {{\url{http://www7.in.tum.de/~rybal/armc/}}}
}

@incollection{proof-planning,
year={1993},
isbn={978-3-540-19806-2},
booktitle={Logic Program Synthesis and Transformation},
doi={10.1007/978-1-4471-3560-9_1},
title={Logic Program Synthesis via Proof Planning},
url={http://dx.doi.org/10.1007/978-1-4471-3560-9_1},
author={Kraan, Ina and Basin, David and Bundy, Alan},
pages={1-14},
language={English}
}

@article{manna-waldinger,
 author = {Manna, Zohar and Waldinger, Richard J.},
 title = {Toward automatic program synthesis},
 journal = {Commun. ACM},
 issue_date = {March 1971},
 volume = {14},
 number = {3},
 month = mar,
 year = {1971},
 issn = {0001-0782},
 pages = {151--165},
 numpages = {15},
 url = {http://doi.acm.org/10.1145/362566.362568},
 doi = {10.1145/362566.362568},
 acmid = {362568},
 publisher = {ACM},
 address = {New York, NY, USA},
 keywords = {answer extraction, artificial intelligence, automatic program synthesis, mathematical induction principle, problem solving, theorem proving},
} 

@article{gulwani-excel,
 author = {Gulwani, Sumit and Harris, William R. and Singh, Rishabh},
 title = {Spreadsheet data manipulation using examples},
 journal = {Commun. ACM},
 issue_date = {August 2012},
 volume = {55},
 number = {8},
 month = aug,
 year = {2012},
 issn = {0001-0782},
 pages = {97--105},
 numpages = {9},
 url = {http://doi.acm.org/10.1145/2240236.2240260},
 doi = {10.1145/2240236.2240260},
 acmid = {2240260},
 publisher = {ACM},
 address = {New York, NY, USA},
} 

@InProceedings{stanford-superoptimiser,
  author =       {Sorav Bansal and Alex Aiken},
  title =        {Automatic Generation of Peephole Superoptimizers},
  booktitle = {ASPLOS 2006},
  year =         2006,
  publisher = {ACM}
}

@TechReport{Denali-1,
  author =       {Rajeev Joshi and Greg Nelson and Yunhong Zhou},
  title =        {The Straight-Line Automatic Programming Problem},
  institution =  {HP Labs},
  year =         2003,
  url = {\url{http://www.hpl.hp.com/techreports/2003/HPL-2003-236.ps}}
}

@inproceedings{toast,
  author    = {Martin Brain and
               Tom Crick and
               Marina De Vos and
               John Fitch},
  title     = {{TOAST}: Applying Answer Set Programming to Superoptimisation},
  booktitle = {ICLP},
  year      = {2006},
  pages     = {270-284},
  ee        = {http://dx.doi.org/10.1007/11799573_21},
  bibsource = {DBLP, http://dblp.uni-trier.de}
}

@INPROCEEDINGS{ranking-synth,
    author = {Byron Cook and Daniel Kroening and Christoph M. Wintersteiger},
    title = {Ranking function synthesis for bit-vector relations},
    booktitle = {in Proc. of TACAS, ser. LNCS},
    year = {2010},
    publisher = {Springer}
}

@article{synth-interpolants,
  author    = {Georg Hofferek and
               Ashutosh Gupta and
               Bettina K{\"o}nighofer and
               Jie-Hong Roland Jiang and
               Roderick Bloem},
  title     = {Synthesizing Multiple Boolean Functions using Interpolation
               on a Single Proof},
  journal   = {CoRR},
  volume    = {abs/1308.4767},
  year      = {2013},
  ee        = {http://arxiv.org/abs/1308.4767},
  bibsource = {DBLP, http://dblp.uni-trier.de}
}


@inproceedings{conficker,
 author = {Porras, Phillip and Sa\"{\i}di, Hassen and Yegneswaran, Vinod},
 title = {A Foray into {Conficker}'s Logic and Rendezvous Points},
 booktitle = {Proceedings of the 2Nd USENIX Conference on Large-scale Exploits and Emergent Threats: Botnets, Spyware, Worms, and More},
 series = {LEET'09},
 year = {2009},
 location = {Boston, MA},
 pages = {7--7},
 numpages = {1},
 url = {http://dl.acm.org/citation.cfm?id=1855676.1855683},
 acmid = {1855683},
 publisher = {USENIX Association},
 address = {Berkeley, CA, USA},
} 

@inproceedings{eldib-wang,
  author    = {Hassan Eldib and
               Chao Wang},
  title     = {An {SMT} based method for optimizing arithmetic computations
               in embedded software code},
  booktitle = {FMCAD},
  year      = {2013},
  pages     = {129-136},
  ee        = {http://ieeexplore.ieee.org/xpl/freeabs_all.jsp?arnumber=6679401},
  bibsource = {DBLP, http://dblp.uni-trier.de}
}

@inproceedings{modular-sketch,
  author    = {Rohit Singh and
               Rishabh Singh and
               Zhilei Xu and
               Rebecca Krosnick and
               Armando Solar-Lezama},
  title     = {Modular Synthesis of Sketches Using Models},
  booktitle = {VMCAI},
  year      = {2014},
  pages     = {395-414},
}

@inproceedings{DBLP:conf/pldi/CookPR06,
  author    = {Byron Cook and
               Andreas Podelski and
               Andrey Rybalchenko},
  title     = {Termination proofs for systems code},
  booktitle = {PLDI},
  year      = {2006},
  pages     = {415-426},
}

@inproceedings{DBLP:conf/tacas/CookKRW10,
  author    = {Byron Cook and
               Daniel Kroening and
               Philipp R{\"u}mmer and
               Christoph M. Wintersteiger},
  title     = {Ranking Function Synthesis for Bit-Vector Relations},
  booktitle = {TACAS},
  year      = {2010},
  pages     = {236-250},
}

@inproceedings{DBLP:conf/cav/LeeWY12,
  author    = {Wonchan Lee and
               Bow-Yaw Wang and
               Kwangkeun Yi},
  title     = {Termination Analysis with Algorithmic Learning},
  booktitle = {CAV},
  year      = {2012},
  pages     = {88-104},
}

@inproceedings{DBLP:conf/popl/Ben-AmramG13,
  author    = {Amir M. Ben-Amram and
               Samir Genaim},
  title     = {On the linear ranking problem for integer linear-constraint
               loops},
  booktitle = {POPL},
  year      = {2013},
  pages     = {51-62},
}

@inproceedings{DBLP:conf/cav/BradleyMS05,
  author    = {Aaron R. Bradley and
               Zohar Manna and
               Henny B. Sipma},
  title     = {Linear Ranking with Reachability},
  booktitle = {CAV},
  year      = {2005},
  pages     = {491-504},
}

@inproceedings{DBLP:conf/vmcai/BradleyMS05,
  author    = {Aaron R. Bradley and
               Zohar Manna and
               Henny B. Sipma},
  title     = {Termination of Polynomial Programs},
  booktitle = {VMCAI},
  year      = {2005},
  pages     = {113-129},
}

@inproceedings{DBLP:conf/atva/HeizmannHLP13,
  author    = {Matthias Heizmann and
               Jochen Hoenicke and
               Jan Leike and
               Andreas Podelski},
  title     = {Linear Ranking for Linear Lasso Programs},
  booktitle = {ATVA},
  year      = {2013},
  pages     = {365-380},
}

@inproceedings{DBLP:conf/vmcai/P04,
  author    = {Andreas Podelski and
               Andrey Rybalchenko},
  title     = {A Complete Method for the Synthesis of Linear Ranking Functions},
  booktitle = {VMCAI},
  year      = {2004},
  pages     = {239-251},
}

@inproceedings{DBLP:conf/tacas/LeikeH14,
  author    = {Jan Leike and
               Matthias Heizmann},
  title     = {Ranking Templates for Linear Loops},
  booktitle = {TACAS},
  year      = {2014},
  pages     = {172-186},
}

@inproceedings{DBLP:conf/tacas/CookSZ13,
  author    = {Byron Cook and
               Abigail See and
               Florian Zuleger},
  title     = {Ramsey vs. Lexicographic Termination Proving},
  booktitle = {TACAS},
  year      = {2013},
  pages     = {47-61},
}

@inproceedings{DBLP:conf/lpe/CodishG03,
  author    = {Michael Codish and
               Samir Genaim},
  title     = {Proving Termination One Loop at a Time},
  booktitle = {WLPE},
  year      = {2003},
  pages     = {48-59},
}

@inproceedings{DBLP:conf/lics/PodelskiR04,
  author    = {Andreas Podelski and
               Andrey Rybalchenko},
  title     = {Transition Invariants},
  booktitle = {LICS},
  year      = {2004},
  pages     = {32-41},
}

@inproceedings{DBLP:conf/cav/KroeningSTW10,
  author    = {Daniel Kroening and
               Natasha Sharygina and
               Aliaksei Tsitovich and
               Christoph M. Wintersteiger},
  title     = {Termination Analysis with Compositional Transition Invariants},
  booktitle = {CAV},
  year      = {2010},
  pages     = {89-103},
}


@inproceedings{DBLP:conf/cav/BrockschmidtCF13,
  author    = {Marc Brockschmidt and
               Byron Cook and
               Carsten Fuhs},
  title     = {Better Termination Proving through Cooperation},
  booktitle = {CAV},
  year      = {2013},
  pages     = {413-429},
}

@inproceedings{DBLP:conf/tacas/ChenCFNO14,
  author    = {Hong Yi Chen and
               Byron Cook and
               Carsten Fuhs and
               Kaustubh Nimkar and
               Peter W. O'Hearn},
  title     = {Proving Nontermination via Safety},
  booktitle = {TACAS},
  year      = {2014},
  pages     = {156-171},
}

@inproceedings{DBLP:conf/popl/GuptaHMRX08,
  author    = {Ashutosh Gupta and
               Thomas A. Henzinger and
               Rupak Majumdar and
               Andrey Rybalchenko and
               Ru-Gang Xu},
  title     = {Proving non-termination},
  booktitle = {POPL},
  year      = {2008},
  pages     = {147-158},
}

@inproceedings{DBLP:conf/pldi/GrebenshchikovLPR12,
  author    = {Sergey Grebenshchikov and
               Nuno P. Lopes and
               Corneliu Popeea and
               Andrey Rybalchenko},
  title     = {Synthesizing software verifiers from proof rules},
  booktitle = {PLDI},
  year      = {2012},
  pages     = {405-416},
}

@inproceedings{DBLP:conf/pldi/GulwaniSV08,
  author    = {Sumit Gulwani and
               Saurabh Srivastava and
               Ramarathnam Venkatesan},
  title     = {Program analysis as constraint solving},
  booktitle = {PLDI},
  year      = {2008},
  pages     = {281-292},
}

@Article{turing,
  author =       "A. M. Turing",
  title =        "On Computable Numbers, with an Application to the
                 {Entscheidungsproblem}",
  journal =      "Proceedings of the London Mathematical Society",
  //journal  =     "LMCS",
  volume =       "42",
  pages =        "230--265",
  year =         "1936",
  CODEN =        "PLMTAL",
  acknowledgement = ack-nhfb,
  fjournal =     "Proceedings of the London Mathematical Society. Second
                 Series",
  keywords =     "Entscheidungsproblem (decision problem)",
}

@Book{langdon:fogp,
  author =       "W. B. Langdon and Riccardo Poli",
  title =        "Foundations of Genetic Programming",
  publisher =    "Springer",
  year =         "2002",
  keywords =     "genetic algorithms, genetic programming",
}

@article{BA:mcs,
    author      = "Amir M. Ben-Amram",
    title       = "Size-Change Termination, Monotonicity Constraints and Ranking Functions",
    journal      ={Logical Methods in Computer Science},
    //journal        = {LMCS},
    volume         = 6,
    number         = 3,
   year        = 2010
}

@inproceedings{DBLP:conf/sigsoft/Nori013,
  author    = {Aditya V. Nori and
               Rahul Sharma},
  title     = {Termination proofs from tests},
  booktitle = {ESEC/SIGSOFT FSE},
  year      = {2013},
  pages     = {246-256},
  ee        = {http://doi.acm.org/10.1145/2491411.2491413},
  bibsource = {DBLP, http://dblp.uni-trier.de}
}

@inproceedings{DBLP:conf/cav/HeizmannHP14,
  author    = {Matthias Heizmann and
               Jochen Hoenicke and
               Andreas Podelski},
  title     = {Termination Analysis by Learning Terminating Programs},
  year      = {2014},
  pages     = {797-813},
  ee        = {http://dx.doi.org/10.1007/978-3-319-08867-9_53},
  booktitle = {Computer Aided Verification (CAV)},
  publisher = {Springer},
  series    = {LNCS},
  volume    = {8559},
  ee        = {http://dx.doi.org/10.1007/978-3-319-08867-9},
  bibsource = {DBLP, http://dblp.uni-trier.de}
}

@inproceedings{DBLP:conf/flops/Avery06,
  author    = {James Avery},
  title     = {Size-Change Termination and Bound Analysis},
  booktitle = {FLOPS},
  year      = {2006},
  pages     = {192-207},
  ee        = {http://dx.doi.org/10.1007/11737414_14},
  bibsource = {DBLP, http://dblp.uni-trier.de}
}

@inproceedings{DBLP:conf/icalp/BradleyMS05,
  author    = {Aaron R. Bradley and
               Zohar Manna and
               Henny B. Sipma},
  title     = {The Polyranking Principle},
  booktitle = {ICALP},
  year      = {2005},
  pages     = {1349-1361},
  ee        = {http://dx.doi.org/10.1007/11523468_109},
  bibsource = {DBLP, http://dblp.uni-trier.de}
}


@inproceedings{Chen:2012:TPL:2414936.2414966,
 author = {Chen, Hong Yi and Flur, Shaked and Mukhopadhyay, Supratik},
 title = {Termination Proofs for Linear Simple Loops},
 booktitle = {Static Analysis (SAS)},
 year = {2012},
 pages = {422--438},
 numpages = {17},
 acmid = {2414966},
 publisher = {Springer},
} 

@article{DBLP:journals/aaecc/DershowitzLSS01,
  author    = {Nachum Dershowitz and
               Naomi Lindenstrauss and
               Yehoshua Sagiv and
               Alexander Serebrenik},
  title     = {A General Framework for Automatic Termination Analysis of
               Logic Programs},
  journal   = {Appl. Algebra Eng. Commun. Comput.},
  volume    = {12},
  number    = {1/2},
  year      = {2001},
  pages     = {117-156},
  ee        = {http://dx.doi.org/10.1007/s002000100065},
  bibsource = {DBLP, http://dblp.uni-trier.de}
}

@inproceedings{DBLP:conf/pldi/GulwaniJK09,
  author    = {Sumit Gulwani and
               Sagar Jain and
               Eric Koskinen},
  title     = {Control-flow refinement and progress invariants for bound
               analysis},
  booktitle = {PLDI},
  year      = {2009},
  pages     = {375-385},
  ee        = {http://doi.acm.org/10.1145/1542476.1542518},
  bibsource = {DBLP, http://dblp.uni-trier.de}
}

@inproceedings{DBLP:conf/sas/HarrisLNR10,
  author    = {William R. Harris and
               Akash Lal and
               Aditya V. Nori and
               Sriram K. Rajamani},
  title     = {Alternation for Termination},
  booktitle = {SAS},
  year      = {2010},
  pages     = {304-319},
  ee        = {http://dx.doi.org/10.1007/978-3-642-15769-1_19},
  bibsource = {DBLP, http://dblp.uni-trier.de}
}

@inproceedings{DBLP:conf/fmcad/LarrazORR13,
  author    = {Daniel Larraz and
               Albert Oliveras and
               Enric Rodr\'{\i}guez-Carbonell and
               Albert Rubio},
  title     = {Proving termination of imperative programs using {Max-SMT}},
  booktitle = {FMCAD},
  year      = {2013},
  pages     = {218-225},
  ee        = {http://ieeexplore.ieee.org/xpl/freeabs_all.jsp?arnumber=6679413},
  bibsource = {DBLP, http://dblp.uni-trier.de}
}

@inproceedings{DBLP:conf/popl/LeeJB01,
  author    = {Chin Soon Lee and
               Neil D. Jones and
               Amir M. Ben-Amram},
  title     = {The size-change principle for program termination},
  booktitle = {POPL},
  year      = {2001},
  pages     = {81-92},
  ee        = {http://doi.acm.org/10.1145/360204.360210},
  bibsource = {DBLP, http://dblp.uni-trier.de}
}
@inproceedings{DBLP:conf/sas/Urban13,
  author    = {Caterina Urban},
  title     = {The Abstract Domain of Segmented Ranking Functions},
  booktitle = {SAS},
  year      = {2013},
  pages     = {43-62},
  ee        = {http://dx.doi.org/10.1007/978-3-642-38856-9_5},
  bibsource = {DBLP, http://dblp.uni-trier.de},
  publisher = {Springer},
}

@inproceedings{DBLP:conf/iclp/BrainCVF06,
  author    = {Martin Brain and
               Tom Crick and
               Marina De Vos and
               John Fitch},
  title     = {TOAST: Applying Answer Set Programming to Superoptimisation},
  booktitle = {ICLP},
  year      = {2006},
  pages     = {270-284},
  ee        = {http://dx.doi.org/10.1007/11799573_21},
  bibsource = {DBLP, http://dblp.uni-trier.de}
}

@misc{svcomp15,
  author    = { {SV-COMP 2015} },
  note      = { \url{http://sv-comp.sosy-lab.org/2015/} },
  key       = { SV-COMP 2015}
}

@article{DBLP:journals/entcs/BiereAS02,
  author    = {Armin Biere and
               Cyrille Artho and
               Viktor Schuppan},
  title     = {Liveness Checking as Safety Checking},
  journal   = {Electr. Notes Theor. Comput. Sci.},
  volume    = {66},
  number    = {2},
  year      = {2002},
  pages     = {160-177},
  ee        = {http://dx.doi.org/10.1016/S1571-0661(04)80410-9},
  bibsource = {DBLP, http://dblp.uni-trier.de}
}

@ARTICLE{Gomez97incrementalevolution,
    author = {Faustino Gomez and Risto Miikkulainen},
    title = {Incremental Evolution of Complex General Behavior},
    journal = {Adaptive Behavior},
    year = {1997},
    volume = {5},
    pages = {5--317}
}

@book{brameier2007linear,
  title={Linear Genetic Programming},
  author={Brameier, M.F. and Banzhaf, W.},
  lccn={2006920909},
  series={Genetic and Evolutionary Computation},
  year={2007},
  publisher={Springer}
}



@inproceedings{DBLP:conf/popl/MagillTLT10,
  author    = {Stephen Magill and
               Ming-Hsien Tsai and
               Peter Lee and
               Yih-Kuen Tsay},
  title     = {Automatic numeric abstractions for heap-manipulating programs},
  booktitle = {POPL},
  year      = {2010},
  pages     = {211-222},
  ee        = {http://doi.acm.org/10.1145/1706299.1706326},
  bibsource = {DBLP, http://dblp.uni-trier.de}
}

@TechReport{extended-version,
  author =       {Cristina David and Daniel Kroening and Matt Lewis},
  title =        {Synthesising Termination and Non-Termination Proofs for Bit-Vector Programs},
  institution =  {University of Oxford},
  year =         2014,
  url = {\url{http://www.cprover.org/juggernaut/extended.pdf}}
}

@book{DBLP:books/daglib/0031640,
  author    = {Helmut Schwichtenberg and
               Stanley S. Wainer},
  title     = {Proofs and Computations},
  publisher = {Association for Symbolic Logic},
  series    = {Perspectives in logic},
  year      = {2012},
  isbn      = {978-0-521-51769-0},
  pages     = {I-XIII, 1-465},
  bibsource = {DBLP, http://dblp.uni-trier.de}
}

@incollection{hol-book,
year={2001},
//isbn={978-90-481-5717-4},
booktitle={Handbook of Philosophical Logic},
//volume={1},
//series={Handbook of Philosophical Logic},
//editor={Gabbay, D.M. and Guenthner, F.},
title={Higher-Order Logic},
publisher={Springer Netherlands},
author={Van Benthem, Johan and Doets, Kees},
pages={189-243},
language={English}
}

@article{fisher2009phylogeny,
  title={The phylogeny of the red panda (Ailurus fulgens): evidence from the forelimb},
  author={Fisher, Rebecca E and Adrian, Brent and Barton, Michael and Holmgren, Jennifer and Tang, Samuel Y},
  journal={Journal of anatomy},
  volume={215},
  number={6},
  pages={611--635},
  year={2009},
  publisher={Wiley Online Library}
}
